@article{fmz2024attitude,
	title={Attitude control of UAV bicopter using adaptive LQG},
	author={Fahmizal and Nugroho, Hanung Adi and Cahyadi, Adha Imam and Ardiyanto, Igi and others},
	journal={Results in Control and Optimization},
	volume={17},
	pages={100484},
	year={2024},
	publisher={Elsevier}
}

@article{fmz2023attitude,
	title={Attitude Control and Low Cost Design of UAV Bicopter},
	author={Fahmizal and Nugroho, Hanung Adi and Cahyadi, Adha Imam and Ardiyanto, Igi and others},
	journal={arXiv preprint arXiv:2309.08209},
	year={2023}
}

@article{fmz2023trajectory,
	title={Trajectory tracking control of uav bicopter using linear quadratic gaussian},
	author={Fahmizal and Nugroho, Hanung Adi and Cahyadi, Adha Imam and Ardiyanto, Igi and others},
	journal={arXiv preprint arXiv:2309.08226},
	year={2023}
}